@techreport{el2019reproducible,
	title={Reproducible Examples for Integration with Keycloak},
	author={El Hajj Hussein, Mohammad},
	year={2019}
}

@misc{KeycloakDoc,
	title = {Keycloak Documentation},
	howpublished = {\url{https://www.keycloak.org/documentation}}
}

@article{vassallo2017continuous,
	title={Continuous authentication with behaviometrics on smartphones},
	author={Vassallo, Gabriele and Chiusano, Silvia and Preuveneers, D},
	year={2017}
}

@article{kutera2016single,
	title={Single sign on as an effective way of managing user identity in distributed web systems. The ActGo-Gate project case study},
	author={Kutera, Robert and Gryncewicz, Wies{\l}awa},
	journal={Informatyka Ekonomiczna},
	number={2 (40)},
	year={2016}
}

@online{microsoft-doc,
	author  = {Microsoft},
	title   = {What is single sign-on in Azure Active Directory?},
	year    = 2022,
	url     = {https://learn.microsoft.com/es-es/azure/active-directory/manage-apps/what-is-single-sign-on}
}

@online{openid-doc,
	author  = {OpenID},
	title   = {Welcome to OpenID Connect},
	year    = 2022,
	url     = {https://openid.net/connect/}
}

@online{ldap-doc,
	author  = {LDAP},
	title   = {LDAP},
	year    = 2022,
	url     = {https://ldap.com/}
}

@online{sso-doc,
	author  = {Auth0},
	title   = {Single Sign-On},
	year    = 2022,
	url     = {https://auth0.com/docs/authenticate/single-sign-on}
}

@online{google-support,
	author  = {Google},
	title   = {About SSO},
	year    = 2022,
	url     = {https://support.google.com/}
}


@incollection{wijayarathna2019empirical,
	title={An empirical usability analysis of the google authentication api},
	author={Wijayarathna, Chamila and Arachchilage, Nalin AG},
	booktitle={Proceedings of the evaluation and assessment on software engineering},
	pages={268--274},
	year={2019}
}

@inproceedings{mainka2017sok,
	title={Sok: Single sign-on securityâ€”an evaluation of openid connect},
	author={Mainka, Christian and Mladenov, Vladislav and Schwenk, J{\"o}rg and Wich, Tobias},
	booktitle={2017 IEEE European Symposium on Security and Privacy (EuroS\&P)},
	pages={251--266},
	year={2017},
	organization={IEEE}
}

@article{philpott2015assertions,
	title={Assertions and Protocols for the OASIS Security Assertion Markup Language (SAML) V2. 0--Errata Composite},
	author={Philpott, Rob and Ragouzis, Nick and Wisniewski, Thomas and Whitehead, Entrust Greg and Hinton, HP Heather and Cahill, Connor P and Bradley, John and Hodges, Individual Jeff and Brennan, Individual Joni and Alliance, Liberty and others},
	year={2015}
}

@article{wisniewski2005saml,
	title={SAML V2. 0 executive overview},
	author={Wisniewski, Thomas and Nadalin, Entrust Tony and Cantor, Scott and Hodges, Internet2 Jeff and Mishra, Neustar Prateek},
	journal={OASIS},
	year={2005}
}

@article{radha2012survey,
	title={A survey on single sign-on techniques},
	author={Radha, V and Reddy, D Hitha},
	journal={Procedia Technology},
	volume={4},
	pages={134--139},
	year={2012},
	publisher={Elsevier}
}